<record><leader>00000cas a22000007a 4500</leader><controlfield tag="001">21946579</controlfield><controlfield tag="008">900629d186u187ugauwr ne      0    0eng d</controlfield><datafield ind1=" " ind2=" " tag="010"><subfield code="a">sn 89053998 </subfield></datafield><datafield ind1=" " ind2=" " tag="040"><subfield code="a">NLG</subfield><subfield code="b">eng</subfield><subfield code="c">NLG</subfield><subfield code="d">OCLCQ</subfield></datafield><datafield ind1=" " ind2=" " tag="042"><subfield code="a">msc</subfield></datafield><datafield ind1="0" ind2=" " tag="130"><subfield code="a">Southern union (Griffin, Ga.)</subfield></datafield><datafield ind1="1" ind2="4" tag="245"><subfield code="a">The southern union.</subfield></datafield><datafield ind1=" " ind2=" " tag="260"><subfield code="a">Griffin, Ga. :</subfield><subfield code="b">Alexander G. Murray</subfield></datafield><datafield ind1=" " ind2=" " tag="300"><subfield code="a">v.</subfield></datafield><datafield ind1=" " ind2=" " tag="310"><subfield code="a">Weekly</subfield></datafield><datafield ind1=" " ind2=" " tag="588"><subfield code="a">Description based on: Vol. 16, no. 28 (June 14, 1861).</subfield></datafield><datafield ind1=" " ind2=" " tag="752"><subfield code="a">United States</subfield><subfield code="b">Georgia</subfield><subfield code="c">Spalding</subfield><subfield code="d">Griffin.</subfield></datafield><datafield ind1="0" ind2="0" tag="780"><subfield code="t">American union (Griffin, Ga.)</subfield><subfield code="w">(DLC)sn 82014214</subfield></datafield><datafield ind1="0" ind2="0" tag="785"><subfield code="t">American union (Griffin, Ga. : 1871)</subfield><subfield code="w">(DLC)sn 90052269</subfield></datafield></record>